<?xml version="1.0" encoding="UTF-8"?><collection xmlns="http://www.loc.gov/MARC21/slim"><record><leader>00362nam--2200145-i-4500</leader><controlfield tag="001">000043954</controlfield><controlfield tag="002">20161230</controlfield><controlfield tag="005">20161230201044</controlfield><controlfield tag="008">060222s1000------------r-----000-0-eng-d</controlfield><datafield ind1=" " ind2=" " tag="080"><subfield code="a">374:53</subfield></datafield><datafield ind1=" " ind2=" " tag="245"><subfield code="a">Teaching school physics</subfield></datafield><datafield ind1=" " ind2=" " tag="260"><subfield code="a">London, William Clowes &amp; Sons Ltd.,1972. 416 P</subfield></datafield><datafield ind1=" " ind2=" " tag="490"><subfield code="a">Penguin Books-unesco</subfield></datafield><datafield ind1=" " ind2=" " tag="700"><subfield code="a">Johnl.Lewis</subfield></datafield><datafield ind1=" " ind2=" " tag="852"><subfield code="a">41228</subfield></datafield></record></collection>